<?xml version="1.0" encoding="UTF-8"?><collection xmlns="http://www.loc.gov/MARC21/slim"><record><leader>00503nam--2200193-i-4500</leader><controlfield tag="001">000044040</controlfield><controlfield tag="002">20161230</controlfield><controlfield tag="005">20161230201044</controlfield><controlfield tag="008">060222s1000------------r-----000-0-rum-d</controlfield><datafield ind1=" " ind2=" " tag="040"><subfield code="a">IFIN-HH</subfield></datafield><datafield ind1=" " ind2=" " tag="041"><subfield code="a">rum</subfield></datafield><datafield ind1=" " ind2=" " tag="080"><subfield code="a">539.12.04:621.039.8</subfield></datafield><datafield ind1="1" ind2=" " tag="100"><subfield code="a">Teodorescu, I.E</subfield></datafield><datafield ind1="1" ind2="0" tag="245"><subfield code="a">Iradierea tehnologica</subfield><subfield code="c">I.e. teodorescu, maria fiti</subfield></datafield><datafield ind1=" " ind2=" " tag="260"><subfield code="a">Bucuresti</subfield><subfield code="b">Editura Academiei Rsr</subfield><subfield code="c">1979</subfield></datafield><datafield ind1=" " ind2=" " tag="300"><subfield code="a">215P</subfield></datafield><datafield ind1="1" ind2=" " tag="700"><subfield code="a">Fiti, Maria</subfield></datafield><datafield ind1=" " ind2=" " tag="852"><subfield code="a">46162</subfield><subfield code="c">539.12.04</subfield></datafield><datafield ind1=" " ind2=" " tag="CAT"><subfield code="a">Sys</subfield><subfield code="c">20120209</subfield><subfield code="h">151706</subfield></datafield></record></collection>